@article{HORMESE20161460,
title = "Automated Road Extraction From High Resolution Satellite Images",
journal = "Procedia Technology",
volume = "24",
number = "Supplement C",
pages = "1460 - 1467",
year = "2016",
note = "International Conference on Emerging Trends in Engineering, Science and Technology (ICETEST - 2015)",
issn = "2212-0173",
doi = "https://doi.org/10.1016/j.protcy.2016.05.180",
url = "http://www.sciencedirect.com/science/article/pii/S2212017316302705",
author = "Jose Hormese and C. Saravanan",
keywords = "Remote Sensed Images, Vectorization, Geographic Information System"
}

@Unpublished{dario2016,
  author = 		 {Dario Pavllo and Mattia Martinelliy and Chanhee Hwang},
  title = 		 {EPFL Machine Learning Project 2 Report Road Segmentation},
  year = 	 2016,
  organization = {EPFL Lausanne},
  note = {https://github.com/dariopavllo/road-segmentationl}
}

@Unpublished{lis2016,
  author = 		 {Krzysztof Lis and Isa Roesch},
  title = 		 {Road Extraction from Aerial Images},
  year = 	 2016,
  organization = {ETH Zurich},
}

@Unpublished{unet,
  author = 		 {Olaf Ronneberger Philipp Fischer Thomas Brox},
  title = 		 {U-Net: Convolutional Networks for Biomedical Image Segmentation},
  year = 	 2015,
  note = {https://arxiv.org/abs/1505.04597},
}
